@book{OO,
  title={Programming Fundamentals with python},
  author={Ratthaprom Promkam},
  pages = "7-8",
  DOI = {https://epsilonxe.github.io/RMUTT_09114204/materials/lecture_python.pdf}
  }

@book{BB,
  title={Programming Fundamentals with python},
  author={Ratthaprom Promkam},
  pages = "12-13",
  DOI = {https://epsilonxe.github.io/RMUTT_09114204/materials/lecture_python.pdf}
  }