@book{KIKI,
  title={แบบจำลองทางคณิตศาสตร์การทำร้านครัวซองค์},
  author={ยูนิลีเวอร์ ฟู้ด โซลูชั่นส์},
  DOI = {https://www.unileverfoodsolutions.co.th/th/chef-inspiration/best-foods-bakers-partner/croissant-history-and-facts.html}
  }
@book{DODO,
  title={แบบจำลองทางคณิตศาสตร์การทำร้านครัวซองค์},
  author={madeinrecipes},
  DOI = {https://madeinrecipes.com/dessert/how-to-make-delicious-homemade-croissant/https://madeinrecipes.com/dessert/how-to-make-delicious-homemade-croissant/}
  }  
@figure{POPO,
  title={แบบจำลองทางคณิตศาสตร์การทำร้านครัวซองค์},
  author={MEEKAO},
  DOI = {https://food.trueid.net/detail/y31p7pgp6OVA}
  }