@online{YOYO,
  author= "กรุงเทพธุรกิจออนไลน์",
  title= "30 มกราคม วันครัวซองต์แห่งชาติ ถ้าต้นตอไม่ใช่ ฝรั่งเศส แท้จริงมาจากไหน?",
  url = "https://www.bangkokbiznews.com/lifestyle/985253",
  urldate = {2022-01-30}
}
@online{KIKI,
  author= {ยูนิลีเวอร์ ฟู้ด โซลูชั่นส์},
  title= {ประวัติครัวซอง จากสงครามสู่ความนิยมทั่วโลก},
  url = {https://www.unileverfoodsolutions.co.th/th/chef-inspiration/best-foods-bakers-partner/croissant-history-and-facts.html},
  urlyear = "2023"
}
@online{DODO,
  author= {madeinrecipes},
  title= {วิธีทําครัวซองค์ สูตรครัวซองค์อร่อยที่สุด (Homemade Croissant Recipe)},
  url = {https://madeinrecipes.com/dessert/how-to-make-delicious-homemade-croissant/https://madeinrecipes.com/dessert/how-to-make-delicious-homemade-croissant/},
  urldate = {2020-12-23}
}
@figure{POPO,
  title={วิธีพรูฟครัวซองต์ แบบง่ายๆ ไม่ต้องใช้เครื่อง อุณภูมิของห้องก็พองได้},
  author={MEEKAO},
  url = {https://food.trueid.net/detail/y31p7pgp6OVA},
  urldate ={2022-12-16}
}
